@article{fasel2003automatic,
author = {B. Fasel and Juergen Luettin},
title = {Automatic Facial Expression Analysis: a Survey},
journal = {Pattern Recognition},
year = {2003},
volume = {36},
pages = {259--275},
}

@article{huang2011local,
author = {Di Huang and Caifeng Shan and Mohsen Ardabilian and Yunhong Wang and Liming Chen},
journal = {Part C: Applications and Reviews, IEEE Transactions on Systems, Man, and Cybernetics},
number = {6},
pages = {765--781},
title = {{Local binary patterns and its application to facial image analysis: a survey}},
OPTurl = {http://ieeexplore.ieee.org/xpls/abs\_all.jsp?arnumber=5739539},
volume = {41},
year = {2011}
}

@article{ojala1996comparative,
author = {Timo Ojala and Matti Pietik\"{a}inen and David Harwood},
journal = {Pattern Recognition},
number = {1},
title = {A Comparative Study of Texture Measures with Classification Based on Feature Distributions},
volume = {29},
pages = {51--59}
year = {1996}
}

@article{ojala2002multiresolution,
author = {Timo Ojala and Matti Pietik\"{a}inen and Topi M\"{a}enp\"{a}\"{a}},
journal = {IEEE Transactions on Pattern Analysis and Machine Intelligence},
number = {7},
pages = {971--987},
title = {Multiresolution gray-scale and rotation invariant texture classification with local binary patterns},
OPTurl = {http://ieeexplore.ieee.org/xpls/abs\_all.jsp?arnumber=1017623},
volume = {24},
year = {2002}
}

@article{shan2009facial,
  title={Facial expression recognition based on Local Binary Patterns: A comprehensive study},
  author={Caifeng Shan and Shaogang Gong and Peter W. McOwan},
  journal={Image and Vision Computing},
  volume={27},
  number={6},
  pages={803--816},
  year={2009},
  publisher={Elsevier}
}

@inproceedings{lucey2010extended,
  title={The extended Cohn-Kanade dataset (CK+): A complete dataset for action unit and emotion-specified expression},
  author={Patrick Lucey and Jeffrey F. Cohn and Takeo Kanade and Jason Saragih and Zara Ambadar and Iain Matthews},
  booktitle={2010 IEEE Computer Society Conference on Computer Vision and Pattern Recognition Workshops (CVPRW)},
  pages={94--101},
  year={2010},
  organization={IEEE}
}

@article{ekman1971constants,
  title={Constants across cultures in the face and emotion.},
  author={Paul Ekman and Wallace V. Friesen},
  journal={Journal of personality and social psychology},
  volume={17},
  number={2},
  pages={124--129},
  year={1971},
  publisher={American Psychological Association}
}

@article{zhao2007dynamic,
author = {Guoying Zhao and Matti Pietik\"{a}inen},
journal = {Dynamical Vision},
pages = {6--13},
title = {{Dynamic texture recognition using volume local binary patterns}},
volume = {L},
year = {2007},
journal - {}
}

@article{zhao2007dynamic2,
author = {Guoying Zhao and Matti Pietik\"{a}inen},
pages = {1--14},
title = {Dynamic Texture Recognition Using Local Binary Patterns with an Application to Facial Expressions},
year = {2007}
journal = {IEEE Transactions on Pattern Analysis and Machine Intelligence}
}

@book{ekman1977facial,
  title={Facial action coding system},
  author={Paul Ekman and Wallace V. Friesen},
  year={1977},
  publisher={Consulting Psychologists Press, Stanford University, Palo Alto}
}

@article{ahonen2006face,
  title={Face description with local binary patterns: Application to face recognition},
  author={Timo Ahonen and Abdenour Hadid and Matti Pietik\"{a}inen},
  journal={IEEE Transactions on Pattern Analysis and Machine Intelligence},
  volume={28},
  number={12},
  pages={2037--2041},
  year={2006},
  publisher={IEEE}
}

@article{moore2011local,
  title={Local binary patterns for multi-view facial expression recognition},
  author={S. Moore and R. Bowden},
  journal={Computer Vision and Image Understanding},
  volume={115},
  number={4},
  pages={541--558},
  year={2011},
  publisher={Elsevier}
}

@article{breiman2001random,
  title={Random forests},
  author={Leo Breiman},
  journal={Machine learning},
  volume={45},
  number={1},
  pages={5--32},
  year={2001},
  publisher={Springer}
}

@misc{breimanonline,
   author = {Leo Breiman and Adele Cutler},
   title = {Random Forests},
   url = "http://stat-www.berkeley.edu/users/breiman/RandomForests/cc_home.htm",
   note = "[Online; accessed 19-December-2013]"
 }


